<mx:record xmlns="http://www.w3.org/TR/xhtml1/strict" xmlns:mx="http://www.loc.gov/MARC21/slim" xmlns:xsi="http://www.w3.org/2001/XMLSchema-instance"><mx:leader>00000cz   2200000n  4500</mx:leader><mx:controlfield tag="001">oca00292154 </mx:controlfield><mx:controlfield tag="005">20050401052159.0</mx:controlfield><mx:controlfield tag="008">800617n| acannaabn          |a aaa      </mx:controlfield><mx:datafield ind1=" " ind2=" " tag="010"><mx:subfield code="a">n  79059107 </mx:subfield></mx:datafield><mx:datafield ind1=" " ind2=" " tag="040"><mx:subfield code="a">DLC</mx:subfield><mx:subfield code="c">DLC</mx:subfield><mx:subfield code="d">DLC</mx:subfield><mx:subfield code="d">UPB</mx:subfield><mx:subfield code="d">InU</mx:subfield></mx:datafield><mx:datafield ind1="0" ind2=" " tag="100"><mx:subfield code="a">Bernard,</mx:subfield><mx:subfield code="c">of Clairvaux, Saint,</mx:subfield><mx:subfield code="d">1090 or 91-1153</mx:subfield></mx:datafield><mx:datafield ind1="0" ind2=" " tag="400"><mx:subfield code="a">Bernardo,</mx:subfield><mx:subfield code="c">di Chiaravalle, Saint,</mx:subfield><mx:subfield code="d">1090 or 91-1153</mx:subfield></mx:datafield><mx:datafield ind1="0" ind2=" " tag="400"><mx:subfield code="a">Bernardus,</mx:subfield><mx:subfield code="c">Claravallensis, Saint,</mx:subfield><mx:subfield code="d">1090 or 91-1153</mx:subfield></mx:datafield><mx:datafield ind1="0" ind2=" " tag="400"><mx:subfield code="a">Bernard,</mx:subfield><mx:subfield code="c">Saint,</mx:subfield><mx:subfield code="d">1090 or 91-1153</mx:subfield></mx:datafield><mx:datafield ind1="0" ind2=" " tag="400"><mx:subfield code="a">Bernhard,</mx:subfield><mx:subfield code="c">av Clairvaux, Saint,</mx:subfield><mx:subfield code="d">1090 or 91-1153</mx:subfield></mx:datafield><mx:datafield ind1="0" ind2=" " tag="400"><mx:subfield code="a">Bernhard,</mx:subfield><mx:subfield code="c">von Clairvaux, Saint,</mx:subfield><mx:subfield code="d">1090 or 91-1153</mx:subfield></mx:datafield><mx:datafield ind1="0" ind2=" " tag="400"><mx:subfield code="a">Bernard,</mx:subfield><mx:subfield code="c">de Fontaines, Saint,</mx:subfield><mx:subfield code="d">1090 or 91-1153</mx:subfield></mx:datafield><mx:datafield ind1="0" ind2=" " tag="400"><mx:subfield code="a">Bernard,</mx:subfield><mx:subfield code="c">de Clairvaux, Saint,</mx:subfield><mx:subfield code="d">1090 or 91-1153</mx:subfield></mx:datafield><mx:datafield ind1="0" ind2=" " tag="400"><mx:subfield code="a">Bernard,</mx:subfield><mx:subfield code="c">van Clairvaux, Saint,</mx:subfield><mx:subfield code="d">1090 or 91-1153</mx:subfield></mx:datafield><mx:datafield ind1="0" ind2=" " tag="400"><mx:subfield code="a">Bernardo,</mx:subfield><mx:subfield code="c">de Claraval, Saint,</mx:subfield><mx:subfield code="d">1090 or 91-1153</mx:subfield></mx:datafield><mx:datafield ind1="1" ind2=" " tag="400"><mx:subfield code="a">Clairvaux, Bernard of,</mx:subfield><mx:subfield code="c">Saint,</mx:subfield><mx:subfield code="d">1090 or 91-1153</mx:subfield></mx:datafield><mx:datafield ind1="0" ind2=" " tag="400"><mx:subfield code="a">Bernard de Clairvaux,</mx:subfield><mx:subfield code="c">Saint,</mx:subfield><mx:subfield code="d">1091?-1153</mx:subfield><mx:subfield code="w">nnaa</mx:subfield></mx:datafield><mx:datafield ind1="0" ind2=" " tag="400"><mx:subfield code="a">Bernhardus,</mx:subfield><mx:subfield code="c">Claravallensis, Saint,</mx:subfield><mx:subfield code="d">1090 or 91-1153</mx:subfield></mx:datafield><mx:datafield ind1=" " ind2=" " tag="670"><mx:subfield code="a">Ausgewühlte Sermone des Heiligen Bernhard über das Hohelied, 1968</mx:subfield></mx:datafield><mx:datafield ind1=" " ind2=" " tag="670"><mx:subfield code="a">Encyclopedia Americana, 1970:</mx:subfield><mx:subfield code="b">v. 3, p. 606 (Saint Bernard of Clairvaux, 1090-1153)</mx:subfield></mx:datafield><mx:datafield ind1=" " ind2=" " tag="670"><mx:subfield code="a">Incipit Speculu[m] b[ea]ti Bernhardi abbatis de honestate vite, ca. 1473.</mx:subfield></mx:datafield></mx:record>